@InProceedings{SiBoNa16,
  author    = {Sintanavevong, W. and Boonto, S. and Naetiladdanon, S.},
  title     = {Robust Repetitive Control with Feed-forward Scheme for Stand-Alone Inverter},
  booktitle = {Proceedings of the 16th Interna-tional Conference on Control, Automation and Systems},
  year      = {2016},
  pages     = {359--364},
  address   = {HICO, Gyeongju, South Korea},
  month     = October #{16-19},
  owner     = {Sudchai Boonto},
  timestamp = {2018.01.19},
}
