% Encoding: UTF-8

@InProceedings{SiBoNa16,
  author    = {Sintanavevong, W. and Boonto, S. and Naetiladdanon, S.},
  title     = {Robust Repetitive Control with Feed-forward Scheme for Stand-Alone Inverter},
  booktitle = {Proceedings of the 16th Interna-tional Conference on Control, Automation and Systems},
  year      = {2016},
  pages     = {359--364},
  address   = {HICO, Gyeongju, South Korea},
  month     = October #{16-19},
  owner     = {Sudchai Boonto},
  timestamp = {2018.01.19},
}

@PhdThesis{Bo11,
  author    = {Boonto, S.},
  title     = {Identification of Linear Parameter-Varying Input-Output Models},
  school    = {Institute of Control Systems, Technische Uinversit{\"{a}}t Hamburg-Harburg},
  year      = {2011},
  owner     = {Sudchai Boonto},
  timestamp = {2017.11.18},
}

@InProceedings{BoLe12,
  author    = {Boonto, S. and Lenwari, W.},
  title     = {Two-Degree-of-Freedom {$\mathcal{H}_\infty$} Control Design for Harmonic Current Control of Shunt Active Filters},
  booktitle = {Proceedings of the 15th IEEE International Conference on Harmonics and Quality of Power (ICHQP 2012)},
  year      = {2012},
  pages     = {887--891},
  address   = {Hong Kong},
  month     = {June 17--20},
  owner     = {Sudchai Boonto},
  timestamp = {2014.03.16},
}

@InProceedings{BoWe08,
  author    = {Boonto, S. and Werner, H.},
  title     = {Closed-Loop System Identification of {LPV} Input-Output Models -- Application to an Arm-Driven Inverted pendulum},
  booktitle = {Proceeding of the 47th IEEE Conference on Decision and Control},
  year      = {2008},
  pages     = {2606--2611},
  address   = {Cancun, Mexico},
  month     = {December 9--11},
  groups    = {cv},
  owner     = {sb1},
  timestamp = {2008.10.14},
}

@InProceedings{BoWe10,
  author    = {Boonto, S. and Werner, H.},
  title     = {Closed-Loop Identification of {LPV} Models Using Cubic Splines with Application to an Arm-Driven Inverted Pendulum},
  booktitle = {Proceedings of the 2010 American Control Conference -- ACC2010},
  year      = {2010},
  pages     = {3100--3105},
  address   = {Baltimore, MD, USA},
  month     = {June 30 -- July 02},
  groups    = {cv},
  owner     = {sb1},
  timestamp = {2010.06.10},
}

@InProceedings{LiKaBoWeHoChKo11,
  author    = {Liu, Q. and Kaiser,G. and Boonto, S. and Werner, H. and Holzmann, F. and Chretien, B. and Korte, M.},
  title     = {Two-Degree-of-Freedom {LPV} Controller Design in Torque Vectoring of a through the Road Hybrid Electric Vehicle},
  booktitle = {the 50th IEEE Conference on Decision and Control and European Control Conference (CDC-ECC 2011)},
  year      = {2011},
  pages     = {1274--1279},
  address   = {Florida, USA.},
  month     = {December, 12--15},
  groups    = {cv},
  owner     = {Sudchai Boonto},
  timestamp = {2011.09.16},
}

@InProceedings{WiBoWe07,
  author    = {Witt, J. and Boonto, S. and Werner, H.},
  title     = {Approximate model predictive control of a 3-{DOF} helicopter},
  booktitle = {Proceeding of the 46th IEEE Conference on Decision and Control},
  year      = {2007},
  pages     = {4501--4506},
  address   = {New Orleans, LA, USA},
  month     = {December 12--14},
  doi       = {10.1109/CDC.2007.4434670},
  issn      = {0191-2216},
  owner     = {sb1},
  timestamp = {2008.01.29},
}

@Article{KoBoWeSt12,
  author    = {K{\"{o}r}lin, R. and Boonto, S. and Werner, H. and Starossek, U.},
  title     = {{LMI}-based Gain Scheduling for Bridge Flutter Control using Eccentric Rotational Actuators},
  journal   = {Optimal Control Applications and Methods},
  year      = {2012},
  volume    = {33},
  number    = {4},
  pages     = {488--500},
  owner     = {Sudchai Boonto},
  timestamp = {2012.07.25},
}

@InProceedings{WiBoAbWe10,
  author    = {Wior,I. and Boonto, S. and Abbas, {H. S.} and Werner, H.},
  title     = {Modeling and Control of an Experimental pH Neutralization Plant using Neural Networks based Approximate Predictive Control},
  booktitle = {The 1st Virtual Control Conference},
  year      = {2010},
  month     = sep,
  owner     = {Sudchai Boonto},
  timestamp = {2018.01.19},
}

@InProceedings{NuKoChBo17,
  author    = {Nuchkrau, T. and Kornmaneesang, W. and Chen, S.-L. and Boonto, S.},
  title     = {Precision Contouring Control of 5 DOF Dual-arm Robot Manipulators with Holonomic Constraints},
  booktitle = {Proceedings of 2017 Asian Control Conference (ASCC 2017)},
  year      = {2017},
  address   = {Gold Coast Convention Centre, Australia},
  month     = dec,
  owner     = {Sudchai Boonto},
  timestamp = {2018.01.19},
}

@InProceedings{NuChBo17,
  author    = {Nuchkrau, T. and Chen, S.-L. and Boonto, S.},
  title     = {A Novel Technique of Dual-arm Robot Manipulators: Path-contouring Control Problem},
  booktitle = {Proceeding of the 13th IEEE International Conference on Control \& Automation (ICCA 2017)},
  year      = {2017},
  pages     = {867--871},
  address   = {Ohrid, Macedonia},
  month     = jul,
  owner     = {Sudchai Boonto},
  timestamp = {2018.01.19},
}

@InProceedings{PhBoMuKoLe17,
  author    = {Phowanna, P. and Boonto, S. and Mujjalinvimut, E. and Konghirun, M. and Lenwari, W.},
  title     = {Improved Performance of SlidingMode Observer Using Parameter Adaptation in Sensorless IPMSM Drive},
  booktitle = {Proceedings of The 12th IEEE Conference on Industrial Electronics and Applications (ICIEA 2017)},
  year      = {2017},
  address   = {Siem Reap, Cambodia},
  month     = jun,
  owner     = {Sudchai Boonto},
  timestamp = {2018.01.19},
}

@InProceedings{NuChBo16,
  author    = {Nuchkrau, T. and Chen, S.-L. and Boonto, S.},
  title     = {Adaptive Contouring Control for High-precision 5 DoF Robot Manipulators under Various Environments},
  booktitle = {Proceedings of the 2016 International Automatic Control Conference (CACS 2016)},
  year      = {2016},
  address   = {Evergreen Laurel Hotel,Taichung, Taiwan},
  month     = nov,
  owner     = {Sudchai Boonto},
  timestamp = {2018.01.19},
}

@InProceedings{ThSaTiBo16,
  author    = {Thabthimratthana, C. and Saelim, S. and Tiewcharoen, S. and Boonto, S.},
  title     = {Robust PID ControllerDesign Using Convex-Concave Optimization: Application to an Unstable System},
  booktitle = {Proceedings of the 16th International Conference on Control, Automation and Systems},
  year      = {2016},
  pages     = {638--643},
  address   = {HICO, Gyeongju, Korea},
  month     = oct,
  owner     = {Sudchai Boonto},
  timestamp = {2018.01.19},
}

@InProceedings{PhBoKo15,
  author    = {Phowanna, P. and Boonto, S. and Konghirun, M.},
  title     = {Online Parameter Identification Method for {IPMSM} Drive with {MTPA}},
  booktitle = {Proceedings of the 18th International Conference on Electrical Machines and Systems},
  year      = {2015},
  address   = {Pattaya City, Thailand},
  month     = oct,
  owner     = {Sudchai Boonto},
  timestamp = {2018.01.19},
}

@InProceedings{SrBoNaLe14a,
  author    = {Sriart, W. and Boonto, S. and Naetiladdanon, S. and Lenwari, W.},
  title     = {Grid Connected Inverter Control by Two-Degree-of-Freedom Robust {$H_\infty$} Repetitive},
  booktitle = {Proceedings of Proceedings of The 2014 International Conference on Electrical Engineering Electronics,Computer, Telecommunications and Information Technology (ECIT-CON 2014)},
  year      = {2014},
  address   = {Nakhon Ratchasima, Thailand,},
  month     = may,
  owner     = {Sudchai Boonto},
  timestamp = {2018.01.19},
}

@InProceedings{SrBoNaLe14b,
  author    = {Sriart, W. and Boonto, S. and Naetiladdanon, S. and Lenwari, W.},
  title     = {Two-Degree-of-Freedom Robust {$\mathcal{H}_\infty$} Repetitive Control for Grid-Connected Inverter},
  booktitle = {Proceedings of the 11th IEEE International Conference on Control and Automation (ICCA 2014)},
  year      = {2014},
  pages     = {791--796},
  address   = {Taichung, Taiwan,},
  month     = jun,
  owner     = {Sudchai Boonto},
  timestamp = {2018.01.19},
}

@InProceedings{PaKiSaBo12,
  author    = {Patcharaprakiti, N. and Kirtikara, K. and Sanswang, A. and Boonto, S.},
  title     = {Stability Analysis of a Photovoltaic Grid Connected Inverter Model Based on System Identification},
  booktitle = {Proceedings of the 2012 IEEE Region 10 Conference},
  year      = {2010},
  pages     = {1-4},
  address   = {Cebu, Philippines},
  month     = nov,
  owner     = {Sudchai Boonto},
  timestamp = {2018.01.19},
}

@InProceedings{KoReBoWeGaSc12,
  author    = {Kominek, A. and Remolina, S. and Boonto, S. and Werner, H and Garwon, M. and Schultalbers, M.},
  title     = {Low-Complexity {LPV} Input-Output Identification and Control of a Turbocharged Combustion Engine},
  booktitle = {Proceedings of the 51st IEEE Conference on Decision and Control},
  year      = {2012},
  pages     = {4492--4497},
  address   = {Maui, Hawaii, USA},
  month     = {December 10--13},
  owner     = {Sudchai Boonto},
  timestamp = {2015.10.23},
}

@InProceedings{SuBoPrMo02,
  author    = {Supatti, O. and Boonto, S. and Prapanavarat, C. and Moneyagul, V.},
  title     = {Design of an {$H_\infty$} Robust Controlled for Multimodule Parallel {DC-DC} Buck Converters with Average Current Mode Control},
  booktitle = {Proceedings of IEEE International Conference on Industrial Technology},
  year      = {2002},
  pages     = {992--997},
  address   = {Bangkok, Thailand},
  month     = dec,
  owner     = {Sudchai Boonto},
  timestamp = {2018.01.19},
}

@Comment{jabref-meta: databaseType:bibtex;}
